@article{jiansun,
  author={Jian Sun and Mitchell, D.M. and Greuel, M.F. and Krein, P.T. and Bass, R.M.},
  journal={IEEE Transactions on Power Electronics}, 
  title={Averaged modeling of PWM converters operating in discontinuous conduction mode}, 
  year={2001},
  volume={16},
  number={4},
  pages={482-492},
  doi={10.1109/63.931052}}

@thesis{fornaro,
author = "Pedro Fornaro",
title = "Diseño y construcción de un banco de supercapacitores",
school = "Facultad de Ingeniería, Universidad Nacional de La Plata",
year = 2016,
month = 5,
}

@thesis{caravelli,
author = "Emanuel Caravelli y Gonzalo M. Irusta",
title = "Diseño y control de una etapa de potencia para una pila de combustible tipo PEM",
school = "Facultad de Ingeniería, Universidad Nacional de La Plata",
year = 2011,
month = 12,
}

@thesis{riva,
author = "Diego A. Riva",
title = "Diseño e implementación de módulo de seguridad para banco de supercapacitores basado en FPGA",
school = "Facultad de Ingeniería, Universidad Nacional de La Plata",
year = 2017,
}

@book{hart,
  author    = "Daniel W. Hart", 
  title     = "Power Electronics",
  publisher = "McGraw-Hill Education",
  year      = 2010,
}

@book{mohan,
  author    = "Ned Mohan y Tore M. Undeland", 
  title     = "Power Electronics",
  publisher = "John Wiley and Sons, Inc.",
  year      = 2003,
  edition   = 3,
}

@book{erickson,
   title =     {Fundamentals of Power Electronics},
   author =    {Robert W. Erickson y Dragan Maksimović},
   publisher = {Springer Nature},
   isbn =      {9783030438791,3030438791},
   year =      {2020},
   edition =   {3},
}

@book{visioli,
   title =     {Practical PID Control},
   author =    {Antonio Visioli},
   publisher = {Springer-Verlag London},
   isbn =      {978-1-84628-585-1,978-1-84628-586-8},
   year =      {2006},
   series =    {Advances in Industrial Control},
   edition =   {1},
}

@book{ashenden,
   title =     {The Designer's Guide to VHDL},
   author =    {Peter J. Ashenden},
   publisher = {Morgan Kaufmann},
   isbn =      {0120887851},
   year =      {2008},
   series =    {Systems on Silicon},
   edition =   {3},
}

@article{dynamics,
title = {Hidden dynamics in models of discontinuity and switching},
journal = {Physica D: Nonlinear Phenomena},
volume = {273-274},
pages = {34-45},
year = {2014},
issn = {0167-2789},
doi = {https://doi.org/10.1016/j.physd.2014.02.003},
url = {https://www.sciencedirect.com/science/article/pii/S016727891400030X},
author = {Mike R. Jeffrey}
}

@incollection{evs&hevs,
title = {5 - EVs and HEVs: The Need and Potential Functions of Batteries for Future Systems},
editor = {Gianfranco Pistoia},
booktitle = {Lithium-Ion Batteries},
publisher = {Elsevier},
address = {Amsterdam},
pages = {83-95},
year = {2014},
isbn = {978-0-444-59513-3},
doi = {https://doi.org/10.1016/B978-0-444-59513-3.00005-4},
url = {https://www.sciencedirect.com/science/article/pii/B9780444595133000054},
author = {Hideaki Horie},
}

@incollection{satellites,
title = {14 - Satellite Lithium-Ion Batteries},
editor = {Gianfranco Pistoia},
booktitle = {Lithium-Ion Batteries},
publisher = {Elsevier},
address = {Amsterdam},
pages = {311-344},
year = {2014},
isbn = {978-0-444-59513-3},
doi = {https://doi.org/10.1016/B978-0-444-59513-3.00014-5},
url = {https://www.sciencedirect.com/science/article/pii/B9780444595133000145},
author = {Yannick Borthomieu},
}

@incollection{storage,
title = {13 - Lithium-Ion Batteries for Storage of Renewable Energies and Electric Grid Backup},
editor = {Gianfranco Pistoia},
booktitle = {Lithium-Ion Batteries},
publisher = {Elsevier},
address = {Amsterdam},
pages = {293-309},
year = {2014},
isbn = {978-0-444-59513-3},
doi = {https://doi.org/10.1016/B978-0-444-59513-3.00013-3},
url = {https://www.sciencedirect.com/science/article/pii/B9780444595133000133},
author = {Matthias Vetter and Lukas Rohr},
}

@article{alemania,
    author = {Hannah Ritchie and Max Roser},
    title = {Energy},
    journal = {Our World in Data},
    year = {2020},
    note = {https://ourworldindata.org/energy}
}

 @article{microrredes, 
  title={Active power management of Multihybrid Fuel Cell/supercapacitor power conversion system in a medium voltage microgrid}, 
  volume={3}, 
  DOI={10.1109/tsg.2012.2194169}, 
  number={4}, 
  journal={IEEE Transactions on Smart Grid}, 
  author={Ghazanfari, Amin and Hamzeh, Mohsen and Mokhtari, Hossein and Karimi, Houshang}, 
  year={2012}, 
  pages={1903–1910}} 

@manual{ad7476a,
  title        = {AD7476A/AD7477A/AD7478A: 2.35 V to 5.25 V, 1MSPS, 12-/10-/8-Bit ADCs in 6-Lead SC70 Data Sheet},
  organization = {Analog Devices}
}

@manual{nexys3,
  title        = {Nexys 3™ FPGA Board Reference Manual},
  organization = {Digilent}, 
  month = {4},
  year = {2016}
}

 @article{estimacion, 
  title={Estimación de los estados de carga y de salud en sistemas híbridos basados en supercapacitores y baterías de litio}, 
  number={6°}, 
  journal={Jornadas ITEE}, 
  author={Fornaro, Pedro O. and Battaioto, Pedro E. and Puleston, Paul F.}, 
  year={2021}
  } 

@incollection{hessinev,
title = {HESS and Its Application in Series Hybrid Electric Vehicles},
editor = {Hui Zhang and Dongpu Cao and Haiping Du},
booktitle = {Modeling, Dynamics and Control of Electrified Vehicles},
publisher = {Woodhead Publishing},
pages = {77-119},
year = {2018},
isbn = {978-0-12-812786-5},
doi = {https://doi.org/10.1016/B978-0-12-812786-5.00003-3},
url = {https://www.sciencedirect.com/science/article/pii/B9780128127865000033},
author = {Shuo Zhang and Rui Xiong}
}

@article{evefficiency,
title = {The GM “Voltec” 4ET50 Multi-Mode Electric Transaxle},
booktitle = {Modeling, Dynamics and Control of Electrified Vehicles},
publisher = {Woodhead Publishing},
pages = {1102-1114},
year = {2011},
doi = {http://doi.org/10.4271/2011-01-0887},
journal = {SAE International Journal of Engines},
author = {Miller, Michael A. and Holmes, Alan G. and Conlon, Brendan M. and Savagian, Peter J.}
}